@book{yi14,
 author = {Yi, Xun, Paulet, Russell and Bertino, Elisa},
 title = {Homomorphic Encryption and Applications},
 year = {2014},
 isbn = {3319122282, 9783319122281},
 publisher = {Springer Publishing Company, Incorporated},
} 

@incollection{wikstrom04,
    author = {Wikstr√∂m, Douglas},
    booktitle = {Theory of Cryptography},
    citeulike-article-id = {12798326},
    citeulike-linkout-0 = {http://citeseerx.ist.psu.edu/viewdoc/summary?doi=10.1.1.9.9646},
    citeulike-linkout-1 = {http://dx.doi.org/10.1007/978-3-540-24638-1\_18},
    citeulike-linkout-2 = {http://link.springer.com/chapter/10.1007/978-3-540-24638-1\_18},
    doi = {10.1007/978-3-540-24638-1\_18},
    editor = {Naor, Moni},
    keywords = {anonymity, cryptography, mix-net, security},
    pages = {317--335},
    posted-at = {2013-11-22 19:54:15},
    priority = {2},
    publisher = {Springer Berlin Heidelberg},
    series = {Lecture Notes in Computer Science},
    title = {{A Universally Composable Mix-Net}},
    url = {http://citeseerx.ist.psu.edu/viewdoc/summary?doi=10.1.1.9.9646},
    volume = {2951},
    year = {2004}
}

@inproceedings{dijk10,
 author = {van Dijk, Marten and Gentry, Craig and Halevi, Shai and Vaikuntanathan, Vinod},
 title = {Fully Homomorphic Encryption over the Integers},
 booktitle = {Proceedings of the 29th Annual International Conference on Theory and Applications of Cryptographic Techniques},
 series = {EUROCRYPT'10},
 year = {2010},
 isbn = {3-642-13189-1, 978-3-642-13189-9},
 location = {French Riviera, France},
 pages = {24--43},
 numpages = {20},
 url = {http://dx.doi.org/10.1007/978-3-642-13190-5_2},
 doi = {10.1007/978-3-642-13190-5_2},
 acmid = {2163825},
 publisher = {Springer-Verlag},
 address = {Berlin, Heidelberg},
} 